<?xml version="1.0" encoding="UTF-8"?><collection xmlns="http://www.loc.gov/MARC21/slim"><record><leader>00484nam--2200193-i-4500</leader><controlfield tag="001">000012071</controlfield><controlfield tag="002">20161230</controlfield><controlfield tag="005">20161230201029</controlfield><controlfield tag="008">060222s1000------------r-----000-0-fre-d</controlfield><datafield ind1=" " ind2=" " tag="040"><subfield code="a">IFIN-HH</subfield></datafield><datafield ind1=" " ind2=" " tag="041"><subfield code="a">fre</subfield></datafield><datafield ind1=" " ind2=" " tag="080"><subfield code="a">51(083.53)</subfield></datafield><datafield ind1="1" ind2=" " tag="100"><subfield code="a">Dupuis, J</subfield></datafield><datafield ind1="1" ind2="0" tag="245"><subfield code="a">Tables de logarithmes a cinq decimales</subfield><subfield code="c">J. dupuis</subfield></datafield><datafield ind1=" " ind2=" " tag="250"><subfield code="a">Trente-quatrieme Edition</subfield></datafield><datafield ind1=" " ind2=" " tag="260"><subfield code="a">Paris</subfield><subfield code="b">Hachette Et Cie</subfield><subfield code="c">1918</subfield></datafield><datafield ind1=" " ind2=" " tag="300"><subfield code="a">226P</subfield></datafield><datafield ind1=" " ind2=" " tag="852"><subfield code="a">44630</subfield><subfield code="c">H.H</subfield></datafield><datafield ind1=" " ind2=" " tag="CAT"><subfield code="a">Sys</subfield><subfield code="c">20130416</subfield><subfield code="h">141129</subfield></datafield></record></collection>